@inproceedings{bonneau2018hostile,
  title={Hostile blockchain takeovers (short paper)},
  author={Bonneau, Joseph}
}

@inproceedings{carlsten2016instability,
  title={On the instability of bitcoin without the block reward},
  author={Carlsten, Miles and Kalodner, Harry and Weinberg, S Matthew and Narayanan, Arvind},
  booktitle={Proceedings of the 2016 ACM SIGSAC Conference on Computer and Communications Security},
  pages={154--167},
  year={2016},
  organization={ACM}
}

@inproceedings{bonneau2016buy,
  title={Why buy when you can rent?},
  author={Bonneau, Joseph},
  booktitle={International Conference on Financial Cryptography and Data Security},
  pages={19--26},
  year={2016},
  organization={Springer}
}


@inproceedings{liao2017incentivizing,
  title={Incentivizing blockchain forks via whale transactions},
  author={Liao, Kevin and Katz, Jonathan},
  booktitle={International Conference on Financial Cryptography and Data Security},
  pages={264--279},
  year={2017},
  organization={Springer}
}


@article{poon2016bitcoin,
  title={The bitcoin lightning network: Scalable off-chain instant payments},
  author={Poon, Joseph and Dryja, Thaddeus},
  year={2016}
}


@article{teutsch2017scalable,
  title={A scalable verification solution for blockchains},
  author={Teutsch, Jason and Reitwie{\ss}ner, Christian},
  year={2017}
}

@inproceedings{kalodner2018arbitrum,
  title={Arbitrum: Scalable, private smart contracts},
  author={Kalodner, Harry and Goldfeder, Steven and Chen, Xiaoqi and Weinberg, S Matthew and Felten, Edward W},
  booktitle={27th {\it USENIX} Security Symposium},
  pages={1353--1370},
  year={2018},
  organization={USENIX Association}
}



@inproceedings{luu2015demystifying,
  title={Demystifying incentives in the consensus computer},
  author={Luu, Loi and Teutsch, Jason and Kulkarni, Raghav and Saxena, Prateek},
  booktitle={Proceedings of the 22nd ACM SIGSAC Conference on Computer and Communications Security},
  pages={706--719},
  year={2015},
  organization={ACM}
}

@inproceedings{gilad2017algorand,
  title={Algorand: Scaling byzantine agreements for cryptocurrencies},
  author={Gilad, Yossi and Hemo, Rotem and Micali, Silvio and Vlachos, Georgios and Zeldovich, Nickolai},
  booktitle={Proceedings of the 26th Symposium on Operating Systems Principles},
  pages={51--68},
  year={2017},
  organization={ACM}
}

@inproceedings{heilman2015eclipse,
  title={Eclipse Attacks on Bitcoin's Peer-to-Peer Network.},
  author={Heilman, Ethan and Kendler, Alison and Zohar, Aviv}
}

@inproceedings{apostolaki2017hijacking,
  title={Hijacking bitcoin: Routing attacks on cryptocurrencies},
  author={Apostolaki, Maria and Zohar, Aviv and Vanbever, Laurent},
  booktitle={Security and Privacy (SP), 2017 IEEE Symposium on},
  pages={375--392},
  year={2017},
  organization={IEEE}
}

@inproceedings{eyal2016bitcoin,
  title={Bitcoin-NG: A Scalable Blockchain Protocol.},
  author={Eyal, Ittay and Gencer, Adem Efe and Sirer, Emin G{\"u}n and Van Renesse, Robbert}
}

@inproceedings{gervais2016security,
  title={On the security and performance of proof of work blockchains},
  author={Gervais, Arthur and Karame, Ghassan O and W{\"u}st, Karl and Glykantzis, Vasileios and Ritzdorf, Hubert and Capkun, Srdjan},
  booktitle={Proceedings of the 2016 ACM SIGSAC Conference on Computer and Communications Security},
  pages={3--16},
  year={2016},
  organization={ACM}
}

@article{stoica2001chord,
  title={Chord: A scalable peer-to-peer lookup service for internet applications},
  author={Stoica, Ion and Morris, Robert and Karger, David and Kaashoek, M Frans and Balakrishnan, Hari},
  journal={ACM SIGCOMM Computer Communication Review},
  volume={31},
  number={4},
  pages={149--160},
  year={2001},
  publisher={ACM}
}

@inproceedings{maymounkov2002kademlia,
  title={Kademlia: A peer-to-peer information system based on the xor metric},
  author={Maymounkov, Petar and Mazieres, David},
  booktitle={International Workshop on Peer-to-Peer Systems},
  pages={53--65},
  year={2002},
  organization={Springer}
}

@inproceedings{rowstron2001pastry,
  title={Pastry: Scalable, decentralized object location, and routing for large-scale peer-to-peer systems},
  author={Rowstron, Antony and Druschel, Peter},
  booktitle={IFIP/ACM International Conference on Distributed Systems Platforms and Open Distributed Processing},
  pages={329--350},
  year={2001},
  organization={Springer}
}



@article{lamport1982byzantine,
  title={The Byzantine generals problem},
  author={Lamport, Leslie and Shostak, Robert and Pease, Marshall},
  journal={ACM Transactions on Programming Languages and Systems (TOPLAS)},
  volume={4},
  number={3},
  pages={382--401},
  year={1982},
  publisher={ACM}
}

@article{joshi2018survey,
  title={A survey on security and privacy issues of blockchain technology},
  author={Joshi, Archana Prashanth and Han, Meng and Wang, Yan},
  journal={Mathematical Foundations of Computing},
  volume={1},
  number={2},
  pages={121--147},
  year={2018}
}
 
 @article{li2017survey,
  title={A survey on the security of blockchain systems},
  author={Li, Xiaoqi and Jiang, Peng and Chen, Ting and Luo, Xiapu and Wen, Qiaoyan},
  journal={Future Generation Computer Systems},
  year={2017},
  publisher={Elsevier}
}
 
 @inproceedings{dorri2017blockchain,
  title={Blockchain for IoT security and privacy: The case study of a smart home},
  author={Dorri, Ali and Kanhere, Salil S and Jurdak, Raja and Gauravaram, Praveen},
  booktitle={Pervasive Computing and Communications Workshops (PerCom Workshops), 2017 IEEE International Conference on},
  pages={618--623},
  year={2017},
  organization={IEEE}
}
 
 @article{dorri2016blockchain,
  title={Blockchain in internet of things: challenges and solutions},
  author={Dorri, Ali and Kanhere, Salil S and Jurdak, Raja},
  journal={arXiv preprint arXiv:1608.05187},
  year={2016}
}

@article{bano2017consensus,
  title={Consensus in the age of blockchains},
  author={Bano, Shehar and Sonnino, Alberto and Al-Bassam, Mustafa and Azouvi, Sarah and McCorry, Patrick and Meiklejohn, Sarah and Danezis, George},
  journal={arXiv preprint arXiv:1711.03936},
  year={2017}
}

@inproceedings{dennis2016temporal,
  title={A temporal blockchain: a formal analysis},
  author={Dennis, Richard and Owenson, Gareth and Aziz, Benjamin},
  booktitle={Collaboration Technologies and Systems (CTS), 2016 International Conference on},
  pages={430--437},
  year={2016},
  organization={IEEE}
}

@article{wang2018survey,
  title={A Survey on Consensus Mechanisms and Mining Management in Blockchain Networks},
  author={Wang, Wenbo and Hoang, Dinh Thai and Xiong, Zehui and Niyato, Dusit and Wang, Ping and Hu, Peizhao and Wen, Yonggang},
  journal={arXiv preprint arXiv:1805.02707},
  year={2018}
}